@ARTICLE{Quinlan1995,
  author={J. R. Quinlan and R. M. Cameron-Jones},
  title={Induction of Logic Programs: FOIL and Related Systems},
  journal={New Generation Company},
  year={1995},
  volume={13},
  pages={287-312}
}
